@ARTICLE{5872028,
  author={Chaudhury, Kunal Narayan and Sage, Daniel and Unser, Michael},
  journal={IEEE Transactions on Image Processing}, 
  title={Fast $O(1)$  Bilateral Filtering Using Trigonometric Range Kernels}, 
  year={2011},
  volume={20},
  number={12},
  pages={3376-3382},
  keywords={Kernel;Approximation methods;Spatial filters;Approximation algorithms;Algorithm design and analysis;Image edge detection;Bilateral filter;constant-time algorithm;edge-preserving smoothing;$O(1)$ complexity;raised cosines},
  doi={10.1109/TIP.2011.2159234}}
