@article{726791,
  author   = {Lecun, Y. and Bottou, L. and Bengio, Y. and Haffner, P.},
  journal  = {Proceedings of the IEEE},
  title    = {Gradient-based learning applied to document recognition},
  year     = {1998},
  volume   = {86},
  number   = {11},
  pages    = {2278-2324},
  keywords = {Neural networks;Pattern recognition;Machine learning;Optical character recognition software;Character recognition;Feature extraction;Multi-layer neural network;Optical computing;Hidden Markov models;Principal component analysis},
  doi      = {10.1109/5.726791}
}

@inproceedings{NIPS2012_c399862d,
  author    = {Krizhevsky, Alex and Sutskever, Ilya and Hinton, Geoffrey E},
  booktitle = {Advances in Neural Information Processing Systems},
  editor    = {F. Pereira and C.J. Burges and L. Bottou and K.Q. Weinberger},
  pages     = {},
  publisher = {Curran Associates, Inc.},
  title     = {ImageNet Classification with Deep Convolutional Neural Networks},
  url       = {https://proceedings.neurips.cc/paper_files/paper/2012/file/c399862d3b9d6b76c8436e924a68c45b-Paper.pdf},
  volume    = {25},
  year      = {2012}
}

@misc{huang2018densely,
      title={Densely Connected Convolutional Networks}, 
      author={Gao Huang and Zhuang Liu and Laurens van der Maaten and Kilian Q. Weinberger},
      year={2018},
      eprint={1608.06993},
      archivePrefix={arXiv},
      primaryClass={cs.CV}
}

@misc{simonyan2015deep,
  title         = {Very Deep Convolutional Networks for Large-Scale Image Recognition},
  author        = {Karen Simonyan and Andrew Zisserman},
  year          = {2015},
  eprint        = {1409.1556},
  archiveprefix = {arXiv},
  primaryclass  = {cs.CV}
}

@misc{szegedy2014going,
      title={Going Deeper with Convolutions}, 
      author={Christian Szegedy and Wei Liu and Yangqing Jia and Pierre Sermanet and Scott Reed and Dragomir Anguelov and Dumitru Erhan and Vincent Vanhoucke and Andrew Rabinovich},
      year={2014},
      eprint={1409.4842},
      archivePrefix={arXiv},
      primaryClass={cs.CV}
}


